<record xmlns:xsi="http://www.w3.org/2001/XMLSchema-instance" xmlns="http://www.loc.gov/MARC21/slim" xsi:schemaLocation="http://www.loc.gov/MARC21/slim http://www.loc.gov/standards/marcxml/schema/MARC21slim.xsd">

  <leader>02462nab a2200169   4500</leader>
  <controlfield tag="005">20160331140804.0</controlfield>
  <controlfield tag="008">160107b2008    cr f|||| |||| 00| 0 spa d</controlfield>
  <datafield tag="090" ind1=" " ind2=" ">
    <subfield code="a">REVIS 06.02.01</subfield>
  </datafield>
  <datafield ind2=" " ind1="1" tag="100">
    <subfield code="9">1271</subfield>
    <subfield code="a">Tencio Blanco, Carolina Belen</subfield>
  </datafield>
  <datafield tag="245" ind2="4" ind1="1">
    <subfield code="a">Una alternativa para la formación vial /</subfield>
    <subfield code="c">Carolina Belen Tencio Blanco</subfield>
  </datafield>
  <datafield ind2=" " ind1=" " tag="260">
    <subfield code="a">San José, Costa Rica : </subfield>
    <subfield code="b">Editorial Universidad de Costa Rica,</subfield>
    <subfield code="c">2008</subfield>
  </datafield>
  <datafield ind2=" " ind1=" " tag="300">
    <subfield code="a">páginas 13-26</subfield>
  </datafield>
  <datafield tag="520" ind1=" " ind2=" ">
    <subfield code="a">Este artículo muestra de manera general la problemática que actualmente se vive a nivel mundial, y que ha venido aumentando año tras año en la sociedad costarricense, con cifras alarmantes donde la edad, el sexo, el credo, status social no escapan a tal situación, y que afecta las diferentes áreas sociales que velan por el bienestar de todos, una problemática que desencadena un sinfin de consecuencias fatales: los accidentes de tránsito. Esta epidemia como la llama la OMS (Organización Mundial de la Salud), ha sido desde ya hace décadas una enfermedad silenciosa, donde no se encuentran soluciones eficaces que acaben con tantas secuelas que deja a su paso, a pesar del esfuerzo de muchas instituciones del país. Es así como se pretende desarrollar una iniciativa desde una perspectiva que oriente la búsqueda de soluciones, desde las raíces de nuestra cultura, por medio de una formación integral continua desde edades tempranas. Esta tarea sin lugar a dudas le corresponde a todos los que somos partícipes, pero la visión y misión de formar  ciudadanos concientes de sus derechos, sin olvidar sus deberes en armonía con lo que le rodea desde principios que demuestran una sociedad más responsable y segura, le corresponde al sistema educativo costarricense, en conjunto con las diversas entidades que de una u otra forma son parte de esta situación. Esto con el objetivo de encontrar en la educación continua y sistemática, una herramienta efectiva que a mediano o largo plazo logre disminuir las estadísticas de muertes en carretera, por la negligencia o error humano, causa de mayor incidencia en los accidentes de tránsito, por medio de una formación en y para una vultura vial, cuya política e ideología sea respetar la vida en la búsqueda del bienestar común</subfield>
  </datafield>
  <datafield ind2="4" ind1="1" tag="650">
    <subfield code="9">1</subfield>
    <subfield code="a">EDUCACIÓN</subfield>
  </datafield>
  <datafield tag="773" ind1="0" ind2=" ">
    <subfield code="d">San José, Costa Rica : Editorial de la Universidad de Costa Rica, 1997-</subfield>
    <subfield code="o">R0396</subfield>
    <subfield code="t">EDUCACIÓN: Revista de la Universidad de Costa Rica</subfield>
    <subfield code="g">Vol.32, no.1 (2008)</subfield>
  </datafield>
  <datafield ind1=" " ind2=" " tag="942">
    <subfield code="2">z</subfield>
    <subfield code="c">10</subfield>
  </datafield>
  <datafield tag="999" ind2=" " ind1=" ">
    <subfield code="c">3005</subfield>
    <subfield code="d">3005</subfield>
  </datafield>
</record>